@misc{bib:log_files,
  title = {Eliminación de huellas post explotación},
  howpublished = {\hyperref{https://www.blackploit.com/2011/08/eliminar-rastro-y-huellas-post.html}{Link}},
}

@article{bib:malware_calls,
    title = {Intrusion detection using sequences of system calls},
    author = {S. Hofmeyr, S. Forrest and A. Somayaji},
    journal = {Journal of Computer Security},
    pages = {151--180},
    year = {1998}
}

@inproceedings{bib:malware_asm,
    title = {Detecting self-mutating malware using control-flow graph matching},
    booktitle = {Detection of Intrusions and Malware {\&} Vulnerability Assessment},
    author = {D. Bruschi, L. Martignoni and M. Monga},
    journal = {Journal of Computer Security},
    pages = {129--143},
    year = {2006},
    publisher = {Springer Berlin Heidelberg},
    address = {Berlin},
    isbn = {978-3-540-36017-9}
}

@article{bib:malware_f_a,
author = {Mitchell, Tom M.},
title = {Machine Learning and Data Mining},
year = {1999},
issue_date = {Nov. 1999},
publisher = {Association for Computing Machinery},
address = {New York, NY, USA},
volume = {42},
number = {11},
issn = {0001-0782},
url = {https://doi.org/10.1145/319382.319388},
doi = {10.1145/319382.319388},
journal = {Commun. ACM},
month = nov,
pages = {30–36},
numpages = {7}
}

@article{bib:malware_f_b,
author = {Breiman, Leo},
title = {Bagging Predictors},
year = {1996},
issue_date = {Aug. 1996},
publisher = {Kluwer Academic Publishers},
address = {USA},
volume = {24},
number = {2},
issn = {0885-6125},
url = {https://doi.org/10.1023/A:1018054314350},
doi = {10.1023/A:1018054314350},
journal = {Mach. Learn.},
month = aug,
pages = {123–140},
numpages = {18},
keywords = {aggregation, bootstrap, averaging, combining}
}

@article{bib:malware_f_c,
author = {Breiman, Leo},
title = {Random Forests},
year = {2001},
issue_date = {October 1 2001},
publisher = {Kluwer Academic Publishers},
address = {USA},
volume = {45},
number = {1},
issn = {0885-6125},
url = {https://doi.org/10.1023/A:1010933404324},
doi = {10.1023/A:1010933404324},
journal = {Mach. Learn.},
month = oct,
pages = {5–32},
numpages = {28},
keywords = {regression, classification, ensemble}
}

@book{a,
author = {Cardozo, L. y García B.},
title = {Malware: Historia y Clasificación},
year = {2012},
}

@misc{v,
  title = {Lugares para esconder malware},
  howpublished = {\hyperref{https://www.redeszone.net/2018/11/24/lugares-esconder-malware/}{Link}},
}

@misc{c,
  title = {Descripción sobre malware de Avast},
  howpublished = {\hyperref{https://www.avast.com/es-es/c-malware}{Link}},
}

@misc{d,
  title = {Cómo identificar malware},
  howpublished = {\hyperref{https://www.ionos.es/digitalguide/servidores/seguridad/como-identificar-y-eliminar-malware/}{Link}},
}

@misc{e,
  title = {What is malware?},
  howpublished = {\hyperref{https://www.avg.com/es/signal/what-is-malware}{Link}},
}

@misc{f,
  title = {Descripción sobre malware de Malwarebytes},
  howpublished = {\hyperref{https://es.m:alwarebytes.com/malware/}{Link}},
}