@misc{bib:log_files,
  title = {Eliminación de huellas post explotación},
  howpublished = {\href{https://www.blackploit.com/2011/08/eliminar-rastro-y-huellas-post.html}{Link}}
}

@article{bib:malware_calls,
    title = {Intrusion detection using sequences of system calls},
    author = {S. Hofmeyr, S. Forrest and A. Somayaji},
    journal = {Journal of Computer Security},
    pages = {151--180},
    year = {1998}
}
@article{Deteccion malware con opCode,
author = {Bilar, Daniel},
year = {2007},
month = {01},
pages = {},
title = {Opcodes as predictor for malware},
volume = {1},
journal = {Int. J. Electronic Security and Digital Forensics},
doi = {10.1504/IJESDF.2007.016865}
}
@inproceedings{10.1007/11790754_8,
author = {Bruschi, Danilo and Martignoni, Lorenzo and Monga, Mattia},
title = {Detecting Self-Mutating Malware Using Control-Flow Graph Matching},
year = {2006},
isbn = {354036014X},
publisher = {Springer-Verlag},
address = {Berlin, Heidelberg},
url = {https://doi.org/10.1007/11790754_8},
doi = {10.1007/11790754_8},
booktitle = {Proceedings of the Third International Conference on Detection of Intrusions and Malware & Vulnerability Assessment},
pages = {129–143},
numpages = {15},
location = {Berlin, Germany},
series = {DIMVA’06}
}

@inproceedings{bib:malware_asm,
    title = {Detecting self-mutating malware using control-flow graph matching},
    booktitle = {Detection of Intrusions and Malware {\&} Vulnerability Assessment},
    author = {D. Bruschi, L. Martignoni and M. Monga},
    journal = {Journal of Computer Security},
    pages = {129--143},
    year = {2006},
    publisher = {Springer Berlin Heidelberg},
    address = {Berlin},
    isbn = {978-3-540-36017-9}
}

@article{bib:malware_f_a,
author = {Mitchell, Tom M.},
title = {Machine Learning and Data Mining},
year = {1999},
issue_date = {Nov. 1999},
publisher = {Association for Computing Machinery},
address = {New York, NY, USA},
volume = {42},
number = {11},
issn = {0001-0782},
url = {https://doi.org/10.1145/319382.319388},
doi = {10.1145/319382.319388},
journal = {Commun. ACM},
month = nov,
pages = {30–36},
numpages = {7}
}

@article{bib:malware_f_b,
author = {Breiman, Leo},
title = {Bagging Predictors},
year = {1996},
issue_date = {Aug. 1996},
publisher = {Kluwer Academic Publishers},
address = {USA},
volume = {24},
number = {2},
issn = {0885-6125},
url = {https://doi.org/10.1023/A:1018054314350},
doi = {10.1023/A:1018054314350},
journal = {Mach. Learn.},
month = aug,
pages = {123–140},
numpages = {18},
keywords = {aggregation, bootstrap, averaging, combining}
}

@article{bib:malware_f_c,
author = {Breiman, Leo},
title = {Random Forests},
year = {2001},
issue_date = {October 1 2001},
publisher = {Kluwer Academic Publishers},
address = {USA},
volume = {45},
number = {1},
issn = {0885-6125},
url = {https://doi.org/10.1023/A:1010933404324},
doi = {10.1023/A:1010933404324},
journal = {Mach. Learn.},
month = oct,
pages = {5–32},
numpages = {28},
keywords = {regression, classification, ensemble}
}
@MISC{Bonfante_controlflow,
    author = {Guillaume Bonfante and Matthieu Kaczmarek and Jean-yves Marion},
    title = {Control Flow Graphs as Malware Signatures},
    year = {2007}
}
@MISC{Eskandari11metamorphicmalware,
    author = {Mojtaba Eskandari and Sattar Hashemi},
    title = {Metamorphic Malware Detection using Control Flow Graph Mining},
    year = {2011}
}

@book{a,
  author = {Cardozo, L. y García B.},
  title = {Malware: Historia y Clasificación},
  year = {2012}
}

@misc{v,
  title = {Lugares para esconder malware},
  howpublished = {\href{https://www.redeszone.net/2018/11/24/lugares-esconder-malware/}{Link}}
}

@misc{c,
  title = {Descripción sobre malware de Avast},
  howpublished = {\href{https://www.avast.com/es-es/c-malware}{Link}}
}

@misc{d,
  title = {Cómo identificar malware},
  howpublished = {\href{https://www.ionos.es/digitalguide/servidores/seguridad/como-identificar-y-eliminar-malware/}{Link}}
}

@misc{e,
  title = {What is malware?},
  howpublished = {\href{https://www.avg.com/es/signal/what-is-malware}{Link}}
}

@misc{f,
  title = {Descripción sobre malware de Malwarebytes},
  howpublished = {\href{https://es.m:alwarebytes.com/malware/}{Link}}
}

@misc{g,
  title = {El coronavirus informático},
  howpublished = {\href{https://www.elespanol.com/omicrono/20200131/coronavirus-informatico-hackers-aprovechan-epidemia-infectar-dispositivos/463953911_0.html}{Link}}
}

@misc{h,
  title = {Las aplicaciones móviles ocultas cson la mayor amenaza de malware},
  howpublished = {\href{https://www.muyseguridad.net/2020/03/06/aplicaciones-moviles-ocultas/}{Link}}
}

@misc{i,
  title = {Troyano Eurograbber afecta a la banca online de España},
  howpublished = {\href{https://www.europapress.es/portaltic/internet/noticia-troyano-roba-58-millones-euros-clientes-banca-online-espana-20121205182549.html}{Link}}
}

@misc{j,
  title = {Descubren troyano en una app para Android},
  howpublished = {\href{https://www.lavanguardia.com/tecnologia/20190828/478235982/descubren-troyano-app-android-100-millones-descargas.html}{Link}}
}

@misc{k,
  title = {Estadísticas de ciberataques a empresas},
  howpublished = {\href{https://www.onasystems.net/estadisticas-ciberataques-empresas/}{Link}}
}

@misc{l,
  title = {Los ciberataques en España},
  howpublished = {\href{https://es.statista.com/grafico/6876/los-ciberataques-en-espana/}{Link}}
}
@misc{m,
  title = {Prevencion de Malware},
  howpublished = {\hyperref{https://blog.malwarebytes.com/101/2016/08/10-easy-ways-to-prevent-malware-infection/}{Link}},
}

@misc{n,
  title = {Prevencion de Malware},
  howpublished = {\hyperref{https://blog.malwarebytes.com/101/2016/08/10-easy-ways-to-prevent-malware-infection/}{Link}},
}
@misc{o,
  title = {Firma vs comportamiento},
  howpublished = {\hyperref{https://www.cyberdefensemagazine.com/advanced-malware-detection/}{Link}},
}
